@inproceedings{asmuth11,
  title = "Learning is planning: near Bayes-optimal reinforcement learning via M
onte-Carlo tree search",
  author = "John Asmuth and Michael Littman",
  year = "2011",
  booktitle = "Proceedings of The 27th Conference on Uncertainty in Artificial I
ntelligence (UAI-11)",
  url = "http://paul.rutgers.edu/~jasmuth/bayes/asmuth11.pdf"
}

@inproceedings{asmuth09,
       title = "A Bayesian Sampling Approach to Exploration in Reinforcement Lea
rning",
       author = "John Asmuth and Lihong Li and Michael L. Littman and Ali Nouri 
and David Wingate",
       year = "2009",
       booktitle = "Proceedings of The 25th Conference on Uncertainty in Artific
ial Intelligence (UAI-09)",
       url = "http://paul.rutgers.edu/~jasmuth/pub/uai09-boss.pdf"
}

@inproceedings{asmuth08,
       title = "Potential-based Shaping in Model-based Reinforcement Learning",
       author = "John Asmuth and Michael L. Littman and Robert Zinkov",
       year = "2008",
       booktitle = "Proceedings of the Twenty-Third AAAI Conference on Artificia
l Intelligence (AAAI-08)",
       url = "http://paul.rutgers.edu/~jasmuth/pub/aaai08-shaping.pdf"
}

